<?xml version="1.0" encoding="UTF-8"?><collection xmlns="http://www.loc.gov/MARC21/slim"><record><leader>00490nam--2200181-u-4500</leader><controlfield tag="001">000052194</controlfield><controlfield tag="002">20161230</controlfield><controlfield tag="005">20161230201050</controlfield><controlfield tag="008">100512s1000------------r-----000-0-rus-d</controlfield><datafield ind1=" " ind2=" " tag="040"><subfield code="a">IFIN-HH</subfield></datafield><datafield ind1=" " ind2=" " tag="041"><subfield code="a">rus</subfield></datafield><datafield ind1=" " ind2=" " tag="080"><subfield code="a">519.66</subfield></datafield><datafield ind1="1" ind2=" " tag="100"><subfield code="a">Smirnov,N.V</subfield></datafield><datafield ind1="1" ind2="0" tag="245"><subfield code="a">Tabliti dlia vichislenia funktii dvumernogo normalnogo raspredelenia</subfield><subfield code="c">N.V.Smirnov; L.N.Bolsev</subfield></datafield><datafield ind1=" " ind2=" " tag="260"><subfield code="a">Moskva</subfield><subfield code="b">Akademia nauk sssr</subfield><subfield code="c">1962</subfield></datafield><datafield ind1=" " ind2=" " tag="300"><subfield code="a">204</subfield></datafield><datafield ind1=" " ind2=" " tag="852"><subfield code="a">75854</subfield><subfield code="c">518.2</subfield></datafield><datafield ind1=" " ind2=" " tag="CAT"><subfield code="a">Sys</subfield><subfield code="c">20100512</subfield><subfield code="h">124045</subfield></datafield></record></collection>